% Encoding: UTF-8



@incollection{OpenResty,
  title={Proxy},
  author={Schwartz, Michael and Machulak, Maciej},
  booktitle={Securing the Perimeter},
  pages={205--229},
  year={2018},
  publisher={Springer}
}

@techreport{httparchive, 
  howpublished={\url{https://httparchive.org/reports/state-of-the-web#reqTotal/}}, 
  note={Accessed Apr 4, 2019},
  title={The number of resources requested by the page.}, 
  author={httparchive} 
}



@Comment{jabref-meta: databaseType:bibtex;}
